<?xml version="1.0" encoding="UTF-8"?><collection xmlns="http://www.loc.gov/MARC21/slim"><record><leader>00363nam--2200121-i-4500</leader><controlfield tag="001">000025114</controlfield><controlfield tag="002">20161230</controlfield><controlfield tag="005">20161230201035</controlfield><controlfield tag="008">060222s1000------------r-----000-0-eng-d</controlfield><datafield ind1=" " ind2=" " tag="080"><subfield code="a">681.14</subfield></datafield><datafield ind1=" " ind2=" " tag="245"><subfield code="a">Computer applications to structural engineerin g. notes on the seminar, june 10, 1964</subfield></datafield><datafield ind1=" " ind2=" " tag="260"><subfield code="a">Chicago, Iit Research Institute, 1964. Iii + 159 P</subfield></datafield><datafield ind1=" " ind2=" " tag="852"><subfield code="a">25392</subfield></datafield></record></collection>